%% This BibTeX bibliography file was created using BibDesk.
%% http://bibdesk.sourceforge.net/


%% Created for Timon HÃ¶bert at 2013-09-17 18:57:14 +0200 


%% Saved with string encoding Unicode (UTF-8) 


@online{omniOrb,
	ALTauthor = {Java Dev},
	ALTeditor = {editor},
	date = {\today},
	url = {http://omniorb.sourceforge.net/},
	howpublished = "\url{http://omniorb.sourceforge.net/}",
}

@online{jackorb,
	ALTauthor = {Java Dev},
	ALTeditor = {editor},
	date = {\today},
	url = {http://www.jacorb.org/},
	howpublished = "\url{http://www.jacorb.org/}",
}

@online{corbaWiki,
	ALTauthor = {Java Dev},
	ALTeditor = {editor},
	date = {\today},
	url = {https://de.wikipedia.org/wiki/Common_Object_Request_Broker_Architecture},
	howpublished = "\url{https://de.wikipedia.org/wiki/Common_Object_Request_Broker_Architecture}",
}

@online{ubuntuCompile,
	ALTauthor = {Java Dev},
	ALTeditor = {editor},
	date = {\today},
	url = {https://wiki.ubuntuusers.de/Programme_kompilieren/},
	howpublished = "\url{https://wiki.ubuntuusers.de/Programme_kompilieren/}",
}